@misc{bitcoin,
 Author = {Satoshi Nakamoto},
 Date-Added = {2022-04-03 12:06:04 +0000},
 Date-Modified = {2022-04-03 12:06:56 +0000},
 Month = {Oct.},
 Title = {Bitcoin: A Peer-to-Peer Electronic Cash System},
 Url = {https://bitcoin.org/bitcoin.pdf},
 Urlaccessdate = {03 mar. 2022},
 Year = {2008},
 mynote = {This second source is also really interesting because it contains words},
 Bdsk-Url-1 = {https://bitcoin.org/bitcoin.pdf}}
